%YAML 1.1
%TAG !u! tag:unity3d.com,2011:
--- !u!65 &8804928211588111283
BoxCollider:
  m_ObjectHideFlags: 0
  m_CorrespondingSourceObject: {fileID: 0}
  m_PrefabInstance: {fileID: 0}
  m_PrefabAsset: {fileID: 0}
  m_GameObject: {fileID: 218741436437209467}
  m_Material: {fileID: 0}
  m_IsTrigger: 1
  m_Enabled: 1
  serializedVersion: 2
  m_Size: {x: 0.055327, y: 0.052667975, z: 0.05266899}
  m_Center: {x: 0.0701705, y: 0.79419, z: -0.3518225}
--- !u!114 &4322331989006536808
MonoBehaviour:
  m_ObjectHideFlags: 0
  m_CorrespondingSourceObject: {fileID: 0}
  m_PrefabInstance: {fileID: 0}
  m_PrefabAsset: {fileID: 0}
  m_GameObject: {fileID: 218741436437209467}
  m_Enabled: 1
  m_EditorHideFlags: 0
  m_Script: {fileID: 11500000, guid: f950ffbfb2045924db78634db06b6c61, type: 3}
  m_Name: 
  m_EditorClassIdentifier: 
  doorRotaion: {fileID: 7559096442924462061}
  otherHandle: {fileID: 3837705527716121532}
--- !u!54 &6407995939997749702
Rigidbody:
  m_ObjectHideFlags: 0
  m_CorrespondingSourceObject: {fileID: 0}
  m_PrefabInstance: {fileID: 0}
  m_PrefabAsset: {fileID: 0}
  m_GameObject: {fileID: 218741436437209467}
  serializedVersion: 2
  m_Mass: 1
  m_Drag: 0
  m_AngularDrag: 0.05
  m_UseGravity: 0
  m_IsKinematic: 0
  m_Interpolate: 0
  m_Constraints: 0
  m_CollisionDetection: 0
--- !u!65 &3649132522421707862
BoxCollider:
  m_ObjectHideFlags: 0
  m_CorrespondingSourceObject: {fileID: 0}
  m_PrefabInstance: {fileID: 0}
  m_PrefabAsset: {fileID: 0}
  m_GameObject: {fileID: 300752957998073242}
  m_Material: {fileID: 0}
  m_IsTrigger: 1
  m_Enabled: 1
  serializedVersion: 2
  m_Size: {x: 0.056782, y: 0.052667975, z: 0.05266899}
  m_Center: {x: -0.033305, y: 0.79419, z: -0.3518225}
--- !u!114 &3837705527716121532
MonoBehaviour:
  m_ObjectHideFlags: 0
  m_CorrespondingSourceObject: {fileID: 0}
  m_PrefabInstance: {fileID: 0}
  m_PrefabAsset: {fileID: 0}
  m_GameObject: {fileID: 300752957998073242}
  m_Enabled: 1
  m_EditorHideFlags: 0
  m_Script: {fileID: 11500000, guid: f950ffbfb2045924db78634db06b6c61, type: 3}
  m_Name: 
  m_EditorClassIdentifier: 
  doorRotaion: {fileID: 7559096442924462061}
  otherHandle: {fileID: 4322331989006536808}
--- !u!54 &4585877190005403206
Rigidbody:
  m_ObjectHideFlags: 0
  m_CorrespondingSourceObject: {fileID: 0}
  m_PrefabInstance: {fileID: 0}
  m_PrefabAsset: {fileID: 0}
  m_GameObject: {fileID: 300752957998073242}
  serializedVersion: 2
  m_Mass: 1
  m_Drag: 0
  m_AngularDrag: 0.05
  m_UseGravity: 0
  m_IsKinematic: 0
  m_Interpolate: 0
  m_Constraints: 0
  m_CollisionDetection: 0
--- !u!1 &3970494934086646840
GameObject:
  m_ObjectHideFlags: 0
  m_CorrespondingSourceObject: {fileID: 0}
  m_PrefabInstance: {fileID: 0}
  m_PrefabAsset: {fileID: 0}
  serializedVersion: 6
  m_Component:
  - component: {fileID: 1274732793521226185}
  - component: {fileID: 7559096442924462061}
  m_Layer: 0
  m_Name: DoorPivot
  m_TagString: Untagged
  m_Icon: {fileID: 0}
  m_NavMeshLayer: 0
  m_StaticEditorFlags: 0
  m_IsActive: 1
--- !u!4 &1274732793521226185
Transform:
  m_ObjectHideFlags: 0
  m_CorrespondingSourceObject: {fileID: 0}
  m_PrefabInstance: {fileID: 0}
  m_PrefabAsset: {fileID: 0}
  m_GameObject: {fileID: 3970494934086646840}
  m_LocalRotation: {x: 0, y: 0, z: 0, w: 1}
  m_LocalPosition: {x: 0.015, y: 0, z: 0.4}
  m_LocalScale: {x: 1, y: 1, z: 1}
  m_Children:
  - {fileID: 1279160337682763695}
  m_Father: {fileID: 1172507993410708082}
  m_RootOrder: 1
  m_LocalEulerAnglesHint: {x: 0, y: 0, z: 0}
--- !u!114 &7559096442924462061
MonoBehaviour:
  m_ObjectHideFlags: 0
  m_CorrespondingSourceObject: {fileID: 0}
  m_PrefabInstance: {fileID: 0}
  m_PrefabAsset: {fileID: 0}
  m_GameObject: {fileID: 3970494934086646840}
  m_Enabled: 1
  m_EditorHideFlags: 0
  m_Script: {fileID: 11500000, guid: 421ee237262c7a44cab705a719b1fdc9, type: 3}
  m_Name: 
  m_EditorClassIdentifier: 
  minAngle: 0
  maxAngle: 90
--- !u!1 &4496698080373187233
GameObject:
  m_ObjectHideFlags: 0
  m_CorrespondingSourceObject: {fileID: 0}
  m_PrefabInstance: {fileID: 0}
  m_PrefabAsset: {fileID: 0}
  serializedVersion: 6
  m_Component:
  - component: {fileID: 1172507993410708082}
  m_Layer: 0
  m_Name: DoorInteractible
  m_TagString: Untagged
  m_Icon: {fileID: 0}
  m_NavMeshLayer: 0
  m_StaticEditorFlags: 0
  m_IsActive: 1
--- !u!4 &1172507993410708082
Transform:
  m_ObjectHideFlags: 0
  m_CorrespondingSourceObject: {fileID: 0}
  m_PrefabInstance: {fileID: 0}
  m_PrefabAsset: {fileID: 0}
  m_GameObject: {fileID: 4496698080373187233}
  m_LocalRotation: {x: 0, y: 0, z: 0, w: 1}
  m_LocalPosition: {x: 0, y: 0, z: 0}
  m_LocalScale: {x: 1, y: 1, z: 1}
  m_Children:
  - {fileID: 1542554062991201838}
  - {fileID: 1274732793521226185}
  m_Father: {fileID: 0}
  m_RootOrder: 0
  m_LocalEulerAnglesHint: {x: 0, y: 0, z: 0}
--- !u!65 &45925636140824063
BoxCollider:
  m_ObjectHideFlags: 0
  m_CorrespondingSourceObject: {fileID: 0}
  m_PrefabInstance: {fileID: 0}
  m_PrefabAsset: {fileID: 0}
  m_GameObject: {fileID: 7423734010872507852}
  m_Material: {fileID: 0}
  m_IsTrigger: 0
  m_Enabled: 1
  serializedVersion: 2
  m_Size: {x: 0.048856, y: 1.96357, z: 0.808705}
  m_Center: {x: 0.015155001, y: 0.97643405, z: 0.003349498}
--- !u!1001 &1360924649672700357
PrefabInstance:
  m_ObjectHideFlags: 0
  serializedVersion: 2
  m_Modification:
    m_TransformParent: {fileID: 1172507993410708082}
    m_Modifications:
    - target: {fileID: -8679921383154817045, guid: 334a14893437bb8449596914d1a4359d,
        type: 3}
      propertyPath: m_LocalPosition.x
      value: 0
      objectReference: {fileID: 0}
    - target: {fileID: -8679921383154817045, guid: 334a14893437bb8449596914d1a4359d,
        type: 3}
      propertyPath: m_LocalPosition.y
      value: 0
      objectReference: {fileID: 0}
    - target: {fileID: -8679921383154817045, guid: 334a14893437bb8449596914d1a4359d,
        type: 3}
      propertyPath: m_LocalPosition.z
      value: 0
      objectReference: {fileID: 0}
    - target: {fileID: -8679921383154817045, guid: 334a14893437bb8449596914d1a4359d,
        type: 3}
      propertyPath: m_LocalRotation.x
      value: -0
      objectReference: {fileID: 0}
    - target: {fileID: -8679921383154817045, guid: 334a14893437bb8449596914d1a4359d,
        type: 3}
      propertyPath: m_LocalRotation.y
      value: -0
      objectReference: {fileID: 0}
    - target: {fileID: -8679921383154817045, guid: 334a14893437bb8449596914d1a4359d,
        type: 3}
      propertyPath: m_LocalRotation.z
      value: -0
      objectReference: {fileID: 0}
    - target: {fileID: -8679921383154817045, guid: 334a14893437bb8449596914d1a4359d,
        type: 3}
      propertyPath: m_LocalRotation.w
      value: 1
      objectReference: {fileID: 0}
    - target: {fileID: -8679921383154817045, guid: 334a14893437bb8449596914d1a4359d,
        type: 3}
      propertyPath: m_RootOrder
      value: 0
      objectReference: {fileID: 0}
    - target: {fileID: -8679921383154817045, guid: 334a14893437bb8449596914d1a4359d,
        type: 3}
      propertyPath: m_LocalEulerAnglesHint.x
      value: 0
      objectReference: {fileID: 0}
    - target: {fileID: -8679921383154817045, guid: 334a14893437bb8449596914d1a4359d,
        type: 3}
      propertyPath: m_LocalEulerAnglesHint.y
      value: 0
      objectReference: {fileID: 0}
    - target: {fileID: -8679921383154817045, guid: 334a14893437bb8449596914d1a4359d,
        type: 3}
      propertyPath: m_LocalEulerAnglesHint.z
      value: 0
      objectReference: {fileID: 0}
    - target: {fileID: -7635826562936255635, guid: 334a14893437bb8449596914d1a4359d,
        type: 3}
      propertyPath: m_Materials.Array.data[0]
      value: 
      objectReference: {fileID: 2100000, guid: 0c04a9466de97c744af8f0e5a2f82014, type: 2}
    - target: {fileID: 919132149155446097, guid: 334a14893437bb8449596914d1a4359d,
        type: 3}
      propertyPath: m_Name
      value: door_frame
      objectReference: {fileID: 0}
    m_RemovedComponents: []
  m_SourcePrefab: {fileID: 100100000, guid: 334a14893437bb8449596914d1a4359d, type: 3}
--- !u!4 &1542554062991201838 stripped
Transform:
  m_CorrespondingSourceObject: {fileID: -8679921383154817045, guid: 334a14893437bb8449596914d1a4359d,
    type: 3}
  m_PrefabInstance: {fileID: 1360924649672700357}
  m_PrefabAsset: {fileID: 0}
--- !u!1001 &1606312759646283844
PrefabInstance:
  m_ObjectHideFlags: 0
  serializedVersion: 2
  m_Modification:
    m_TransformParent: {fileID: 1274732793521226185}
    m_Modifications:
    - target: {fileID: -8679921383154817045, guid: 45858ef70da55594d9af5dd1b8e3a64c,
        type: 3}
      propertyPath: m_LocalPosition.x
      value: -0.015
      objectReference: {fileID: 0}
    - target: {fileID: -8679921383154817045, guid: 45858ef70da55594d9af5dd1b8e3a64c,
        type: 3}
      propertyPath: m_LocalPosition.y
      value: 0
      objectReference: {fileID: 0}
    - target: {fileID: -8679921383154817045, guid: 45858ef70da55594d9af5dd1b8e3a64c,
        type: 3}
      propertyPath: m_LocalPosition.z
      value: -0.4
      objectReference: {fileID: 0}
    - target: {fileID: -8679921383154817045, guid: 45858ef70da55594d9af5dd1b8e3a64c,
        type: 3}
      propertyPath: m_LocalRotation.x
      value: -0
      objectReference: {fileID: 0}
    - target: {fileID: -8679921383154817045, guid: 45858ef70da55594d9af5dd1b8e3a64c,
        type: 3}
      propertyPath: m_LocalRotation.y
      value: -0
      objectReference: {fileID: 0}
    - target: {fileID: -8679921383154817045, guid: 45858ef70da55594d9af5dd1b8e3a64c,
        type: 3}
      propertyPath: m_LocalRotation.z
      value: -0
      objectReference: {fileID: 0}
    - target: {fileID: -8679921383154817045, guid: 45858ef70da55594d9af5dd1b8e3a64c,
        type: 3}
      propertyPath: m_LocalRotation.w
      value: 1
      objectReference: {fileID: 0}
    - target: {fileID: -8679921383154817045, guid: 45858ef70da55594d9af5dd1b8e3a64c,
        type: 3}
      propertyPath: m_RootOrder
      value: 0
      objectReference: {fileID: 0}
    - target: {fileID: -8679921383154817045, guid: 45858ef70da55594d9af5dd1b8e3a64c,
        type: 3}
      propertyPath: m_LocalEulerAnglesHint.x
      value: 0
      objectReference: {fileID: 0}
    - target: {fileID: -8679921383154817045, guid: 45858ef70da55594d9af5dd1b8e3a64c,
        type: 3}
      propertyPath: m_LocalEulerAnglesHint.y
      value: 0
      objectReference: {fileID: 0}
    - target: {fileID: -8679921383154817045, guid: 45858ef70da55594d9af5dd1b8e3a64c,
        type: 3}
      propertyPath: m_LocalEulerAnglesHint.z
      value: 0
      objectReference: {fileID: 0}
    - target: {fileID: -7635826562936255635, guid: 45858ef70da55594d9af5dd1b8e3a64c,
        type: 3}
      propertyPath: m_Materials.Array.data[0]
      value: 
      objectReference: {fileID: 2100000, guid: 7a34f4c392ba6bf4f894145dab1e2531, type: 2}
    - target: {fileID: 919132149155446097, guid: 45858ef70da55594d9af5dd1b8e3a64c,
        type: 3}
      propertyPath: m_Name
      value: door
      objectReference: {fileID: 0}
    m_RemovedComponents: []
  m_SourcePrefab: {fileID: 100100000, guid: 45858ef70da55594d9af5dd1b8e3a64c, type: 3}
--- !u!4 &1279160337682763695 stripped
Transform:
  m_CorrespondingSourceObject: {fileID: -8679921383154817045, guid: 45858ef70da55594d9af5dd1b8e3a64c,
    type: 3}
  m_PrefabInstance: {fileID: 1606312759646283844}
  m_PrefabAsset: {fileID: 0}
--- !u!1 &7423734010872507852 stripped
GameObject:
  m_CorrespondingSourceObject: {fileID: 8164078558771037576, guid: 45858ef70da55594d9af5dd1b8e3a64c,
    type: 3}
  m_PrefabInstance: {fileID: 1606312759646283844}
  m_PrefabAsset: {fileID: 0}
--- !u!1001 &8234130554204841203
PrefabInstance:
  m_ObjectHideFlags: 0
  serializedVersion: 2
  m_Modification:
    m_TransformParent: {fileID: 1279160337682763695}
    m_Modifications:
    - target: {fileID: -8679921383154817045, guid: 77d977b958a7e0a47b961c20ec9cc98b,
        type: 3}
      propertyPath: m_LocalPosition.x
      value: 0
      objectReference: {fileID: 0}
    - target: {fileID: -8679921383154817045, guid: 77d977b958a7e0a47b961c20ec9cc98b,
        type: 3}
      propertyPath: m_LocalPosition.y
      value: 0
      objectReference: {fileID: 0}
    - target: {fileID: -8679921383154817045, guid: 77d977b958a7e0a47b961c20ec9cc98b,
        type: 3}
      propertyPath: m_LocalPosition.z
      value: 0
      objectReference: {fileID: 0}
    - target: {fileID: -8679921383154817045, guid: 77d977b958a7e0a47b961c20ec9cc98b,
        type: 3}
      propertyPath: m_LocalRotation.x
      value: -0
      objectReference: {fileID: 0}
    - target: {fileID: -8679921383154817045, guid: 77d977b958a7e0a47b961c20ec9cc98b,
        type: 3}
      propertyPath: m_LocalRotation.y
      value: -0
      objectReference: {fileID: 0}
    - target: {fileID: -8679921383154817045, guid: 77d977b958a7e0a47b961c20ec9cc98b,
        type: 3}
      propertyPath: m_LocalRotation.z
      value: -0
      objectReference: {fileID: 0}
    - target: {fileID: -8679921383154817045, guid: 77d977b958a7e0a47b961c20ec9cc98b,
        type: 3}
      propertyPath: m_LocalRotation.w
      value: 1
      objectReference: {fileID: 0}
    - target: {fileID: -8679921383154817045, guid: 77d977b958a7e0a47b961c20ec9cc98b,
        type: 3}
      propertyPath: m_RootOrder
      value: 2
      objectReference: {fileID: 0}
    - target: {fileID: -8679921383154817045, guid: 77d977b958a7e0a47b961c20ec9cc98b,
        type: 3}
      propertyPath: m_LocalEulerAnglesHint.x
      value: 0
      objectReference: {fileID: 0}
    - target: {fileID: -8679921383154817045, guid: 77d977b958a7e0a47b961c20ec9cc98b,
        type: 3}
      propertyPath: m_LocalEulerAnglesHint.y
      value: 0
      objectReference: {fileID: 0}
    - target: {fileID: -8679921383154817045, guid: 77d977b958a7e0a47b961c20ec9cc98b,
        type: 3}
      propertyPath: m_LocalEulerAnglesHint.z
      value: 0
      objectReference: {fileID: 0}
    - target: {fileID: -7635826562936255635, guid: 77d977b958a7e0a47b961c20ec9cc98b,
        type: 3}
      propertyPath: m_Materials.Array.data[0]
      value: 
      objectReference: {fileID: 2100000, guid: 431e74fca4bcf1b44bdc00d7cded2cc3, type: 2}
    - target: {fileID: 919132149155446097, guid: 77d977b958a7e0a47b961c20ec9cc98b,
        type: 3}
      propertyPath: m_Name
      value: door_handle2
      objectReference: {fileID: 0}
    m_RemovedComponents: []
  m_SourcePrefab: {fileID: 100100000, guid: 77d977b958a7e0a47b961c20ec9cc98b, type: 3}
--- !u!1 &218741436437209467 stripped
GameObject:
  m_CorrespondingSourceObject: {fileID: 8164078558771037576, guid: 77d977b958a7e0a47b961c20ec9cc98b,
    type: 3}
  m_PrefabInstance: {fileID: 8234130554204841203}
  m_PrefabAsset: {fileID: 0}
--- !u!1001 &8458005331684999186
PrefabInstance:
  m_ObjectHideFlags: 0
  serializedVersion: 2
  m_Modification:
    m_TransformParent: {fileID: 1279160337682763695}
    m_Modifications:
    - target: {fileID: -8679921383154817045, guid: e0d2ec73f66206845adc90795d378264,
        type: 3}
      propertyPath: m_LocalPosition.x
      value: -0.004
      objectReference: {fileID: 0}
    - target: {fileID: -8679921383154817045, guid: e0d2ec73f66206845adc90795d378264,
        type: 3}
      propertyPath: m_LocalPosition.y
      value: 0
      objectReference: {fileID: 0}
    - target: {fileID: -8679921383154817045, guid: e0d2ec73f66206845adc90795d378264,
        type: 3}
      propertyPath: m_LocalPosition.z
      value: 0
      objectReference: {fileID: 0}
    - target: {fileID: -8679921383154817045, guid: e0d2ec73f66206845adc90795d378264,
        type: 3}
      propertyPath: m_LocalRotation.x
      value: -0
      objectReference: {fileID: 0}
    - target: {fileID: -8679921383154817045, guid: e0d2ec73f66206845adc90795d378264,
        type: 3}
      propertyPath: m_LocalRotation.y
      value: -0
      objectReference: {fileID: 0}
    - target: {fileID: -8679921383154817045, guid: e0d2ec73f66206845adc90795d378264,
        type: 3}
      propertyPath: m_LocalRotation.z
      value: -0
      objectReference: {fileID: 0}
    - target: {fileID: -8679921383154817045, guid: e0d2ec73f66206845adc90795d378264,
        type: 3}
      propertyPath: m_LocalRotation.w
      value: 1
      objectReference: {fileID: 0}
    - target: {fileID: -8679921383154817045, guid: e0d2ec73f66206845adc90795d378264,
        type: 3}
      propertyPath: m_RootOrder
      value: 1
      objectReference: {fileID: 0}
    - target: {fileID: -8679921383154817045, guid: e0d2ec73f66206845adc90795d378264,
        type: 3}
      propertyPath: m_LocalEulerAnglesHint.x
      value: 0
      objectReference: {fileID: 0}
    - target: {fileID: -8679921383154817045, guid: e0d2ec73f66206845adc90795d378264,
        type: 3}
      propertyPath: m_LocalEulerAnglesHint.y
      value: 0
      objectReference: {fileID: 0}
    - target: {fileID: -8679921383154817045, guid: e0d2ec73f66206845adc90795d378264,
        type: 3}
      propertyPath: m_LocalEulerAnglesHint.z
      value: 0
      objectReference: {fileID: 0}
    - target: {fileID: -7635826562936255635, guid: e0d2ec73f66206845adc90795d378264,
        type: 3}
      propertyPath: m_Materials.Array.data[0]
      value: 
      objectReference: {fileID: 2100000, guid: 431e74fca4bcf1b44bdc00d7cded2cc3, type: 2}
    - target: {fileID: 919132149155446097, guid: e0d2ec73f66206845adc90795d378264,
        type: 3}
      propertyPath: m_Name
      value: door_handle1
      objectReference: {fileID: 0}
    m_RemovedComponents: []
  m_SourcePrefab: {fileID: 100100000, guid: e0d2ec73f66206845adc90795d378264, type: 3}
--- !u!1 &300752957998073242 stripped
GameObject:
  m_CorrespondingSourceObject: {fileID: 8164078558771037576, guid: e0d2ec73f66206845adc90795d378264,
    type: 3}
  m_PrefabInstance: {fileID: 8458005331684999186}
  m_PrefabAsset: {fileID: 0}
