%YAML 1.1
%TAG !u! tag:unity3d.com,2011:
--- !u!64 &7026436882313250257
MeshCollider:
  m_ObjectHideFlags: 0
  m_CorrespondingSourceObject: {fileID: 0}
  m_PrefabInstance: {fileID: 0}
  m_PrefabAsset: {fileID: 0}
  m_GameObject: {fileID: 337832898487553717}
  m_Material: {fileID: 0}
  m_IsTrigger: 0
  m_Enabled: 1
  serializedVersion: 4
  m_Convex: 0
  m_CookingOptions: 30
  m_Mesh: {fileID: -2432090755550338912, guid: 928df6ce0d198e54ebc9d0b9c8be5a7a, type: 3}
--- !u!64 &772611340312757204
MeshCollider:
  m_ObjectHideFlags: 0
  m_CorrespondingSourceObject: {fileID: 0}
  m_PrefabInstance: {fileID: 0}
  m_PrefabAsset: {fileID: 0}
  m_GameObject: {fileID: 760273365031890503}
  m_Material: {fileID: 0}
  m_IsTrigger: 0
  m_Enabled: 1
  serializedVersion: 4
  m_Convex: 0
  m_CookingOptions: 30
  m_Mesh: {fileID: -2432090755550338912, guid: fa682b1417f60f446abf7b5291b7d37e, type: 3}
--- !u!64 &1733412375465462645
MeshCollider:
  m_ObjectHideFlags: 0
  m_CorrespondingSourceObject: {fileID: 0}
  m_PrefabInstance: {fileID: 0}
  m_PrefabAsset: {fileID: 0}
  m_GameObject: {fileID: 4858636219549621694}
  m_Material: {fileID: 0}
  m_IsTrigger: 0
  m_Enabled: 1
  serializedVersion: 4
  m_Convex: 0
  m_CookingOptions: 30
  m_Mesh: {fileID: -2432090755550338912, guid: 30c875e1659f0b94680edb2e09bceef4, type: 3}
--- !u!1 &9094493012096705325
GameObject:
  m_ObjectHideFlags: 0
  m_CorrespondingSourceObject: {fileID: 0}
  m_PrefabInstance: {fileID: 0}
  m_PrefabAsset: {fileID: 0}
  serializedVersion: 6
  m_Component:
  - component: {fileID: 4623371280720544502}
  m_Layer: 0
  m_Name: House
  m_TagString: Untagged
  m_Icon: {fileID: 0}
  m_NavMeshLayer: 0
  m_StaticEditorFlags: 0
  m_IsActive: 1
--- !u!4 &4623371280720544502
Transform:
  m_ObjectHideFlags: 0
  m_CorrespondingSourceObject: {fileID: 0}
  m_PrefabInstance: {fileID: 0}
  m_PrefabAsset: {fileID: 0}
  m_GameObject: {fileID: 9094493012096705325}
  m_LocalRotation: {x: 0, y: 0, z: 0, w: 1}
  m_LocalPosition: {x: 0, y: 0, z: 0}
  m_LocalScale: {x: 1, y: 1, z: 1}
  m_Children:
  - {fileID: 8247817665840262358}
  - {fileID: 3867269000543682525}
  - {fileID: 8956274086245927972}
  - {fileID: 3103712927519975422}
  - {fileID: 8539386807905894884}
  - {fileID: 5966597747568587201}
  - {fileID: 144514547066840675}
  - {fileID: 2867934339194491661}
  m_Father: {fileID: 0}
  m_RootOrder: 0
  m_LocalEulerAnglesHint: {x: 0, y: 0, z: 0}
--- !u!1001 &862750411158175460
PrefabInstance:
  m_ObjectHideFlags: 0
  serializedVersion: 2
  m_Modification:
    m_TransformParent: {fileID: 4623371280720544502}
    m_Modifications:
    - target: {fileID: 1065504015491799497, guid: 74cef4779b9103442a1aa0a271cd0425,
        type: 3}
      propertyPath: m_Name
      value: DoorFake1
      objectReference: {fileID: 0}
    - target: {fileID: 2372131032678406426, guid: 74cef4779b9103442a1aa0a271cd0425,
        type: 3}
      propertyPath: m_LocalPosition.x
      value: 0.015
      objectReference: {fileID: 0}
    - target: {fileID: 2372131032678406426, guid: 74cef4779b9103442a1aa0a271cd0425,
        type: 3}
      propertyPath: m_LocalPosition.y
      value: 0.009112
      objectReference: {fileID: 0}
    - target: {fileID: 2372131032678406426, guid: 74cef4779b9103442a1aa0a271cd0425,
        type: 3}
      propertyPath: m_LocalPosition.z
      value: -1.005
      objectReference: {fileID: 0}
    - target: {fileID: 2372131032678406426, guid: 74cef4779b9103442a1aa0a271cd0425,
        type: 3}
      propertyPath: m_LocalRotation.x
      value: -0
      objectReference: {fileID: 0}
    - target: {fileID: 2372131032678406426, guid: 74cef4779b9103442a1aa0a271cd0425,
        type: 3}
      propertyPath: m_LocalRotation.y
      value: -0
      objectReference: {fileID: 0}
    - target: {fileID: 2372131032678406426, guid: 74cef4779b9103442a1aa0a271cd0425,
        type: 3}
      propertyPath: m_LocalRotation.z
      value: -0
      objectReference: {fileID: 0}
    - target: {fileID: 2372131032678406426, guid: 74cef4779b9103442a1aa0a271cd0425,
        type: 3}
      propertyPath: m_LocalRotation.w
      value: 1
      objectReference: {fileID: 0}
    - target: {fileID: 2372131032678406426, guid: 74cef4779b9103442a1aa0a271cd0425,
        type: 3}
      propertyPath: m_RootOrder
      value: 3
      objectReference: {fileID: 0}
    - target: {fileID: 2372131032678406426, guid: 74cef4779b9103442a1aa0a271cd0425,
        type: 3}
      propertyPath: m_LocalEulerAnglesHint.x
      value: 0
      objectReference: {fileID: 0}
    - target: {fileID: 2372131032678406426, guid: 74cef4779b9103442a1aa0a271cd0425,
        type: 3}
      propertyPath: m_LocalEulerAnglesHint.y
      value: 0
      objectReference: {fileID: 0}
    - target: {fileID: 2372131032678406426, guid: 74cef4779b9103442a1aa0a271cd0425,
        type: 3}
      propertyPath: m_LocalEulerAnglesHint.z
      value: 0
      objectReference: {fileID: 0}
    m_RemovedComponents: []
  m_SourcePrefab: {fileID: 100100000, guid: 74cef4779b9103442a1aa0a271cd0425, type: 3}
--- !u!4 &3103712927519975422 stripped
Transform:
  m_CorrespondingSourceObject: {fileID: 2372131032678406426, guid: 74cef4779b9103442a1aa0a271cd0425,
    type: 3}
  m_PrefabInstance: {fileID: 862750411158175460}
  m_PrefabAsset: {fileID: 0}
--- !u!1001 &2107363328673390074
PrefabInstance:
  m_ObjectHideFlags: 0
  serializedVersion: 2
  m_Modification:
    m_TransformParent: {fileID: 4623371280720544502}
    m_Modifications:
    - target: {fileID: 4247502332991246071, guid: 99892782c0a8d2045a12c37c39a9c1c0,
        type: 3}
      propertyPath: m_LocalPosition.x
      value: -1.62
      objectReference: {fileID: 0}
    - target: {fileID: 4247502332991246071, guid: 99892782c0a8d2045a12c37c39a9c1c0,
        type: 3}
      propertyPath: m_LocalPosition.y
      value: 0.652
      objectReference: {fileID: 0}
    - target: {fileID: 4247502332991246071, guid: 99892782c0a8d2045a12c37c39a9c1c0,
        type: 3}
      propertyPath: m_LocalPosition.z
      value: -4.956
      objectReference: {fileID: 0}
    - target: {fileID: 4247502332991246071, guid: 99892782c0a8d2045a12c37c39a9c1c0,
        type: 3}
      propertyPath: m_LocalRotation.x
      value: -0
      objectReference: {fileID: 0}
    - target: {fileID: 4247502332991246071, guid: 99892782c0a8d2045a12c37c39a9c1c0,
        type: 3}
      propertyPath: m_LocalRotation.y
      value: -0
      objectReference: {fileID: 0}
    - target: {fileID: 4247502332991246071, guid: 99892782c0a8d2045a12c37c39a9c1c0,
        type: 3}
      propertyPath: m_LocalRotation.z
      value: -0
      objectReference: {fileID: 0}
    - target: {fileID: 4247502332991246071, guid: 99892782c0a8d2045a12c37c39a9c1c0,
        type: 3}
      propertyPath: m_LocalRotation.w
      value: 1
      objectReference: {fileID: 0}
    - target: {fileID: 4247502332991246071, guid: 99892782c0a8d2045a12c37c39a9c1c0,
        type: 3}
      propertyPath: m_RootOrder
      value: 7
      objectReference: {fileID: 0}
    - target: {fileID: 4247502332991246071, guid: 99892782c0a8d2045a12c37c39a9c1c0,
        type: 3}
      propertyPath: m_LocalEulerAnglesHint.x
      value: 0
      objectReference: {fileID: 0}
    - target: {fileID: 4247502332991246071, guid: 99892782c0a8d2045a12c37c39a9c1c0,
        type: 3}
      propertyPath: m_LocalEulerAnglesHint.y
      value: 0
      objectReference: {fileID: 0}
    - target: {fileID: 4247502332991246071, guid: 99892782c0a8d2045a12c37c39a9c1c0,
        type: 3}
      propertyPath: m_LocalEulerAnglesHint.z
      value: 0
      objectReference: {fileID: 0}
    - target: {fileID: 4247502332991246071, guid: 99892782c0a8d2045a12c37c39a9c1c0,
        type: 3}
      propertyPath: m_LocalScale.x
      value: 1
      objectReference: {fileID: 0}
    - target: {fileID: 8580294088256680262, guid: 99892782c0a8d2045a12c37c39a9c1c0,
        type: 3}
      propertyPath: m_Name
      value: Window2
      objectReference: {fileID: 0}
    m_RemovedComponents: []
  m_SourcePrefab: {fileID: 100100000, guid: 99892782c0a8d2045a12c37c39a9c1c0, type: 3}
--- !u!4 &2867934339194491661 stripped
Transform:
  m_CorrespondingSourceObject: {fileID: 4247502332991246071, guid: 99892782c0a8d2045a12c37c39a9c1c0,
    type: 3}
  m_PrefabInstance: {fileID: 2107363328673390074}
  m_PrefabAsset: {fileID: 0}
--- !u!1001 &3612438683836504118
PrefabInstance:
  m_ObjectHideFlags: 0
  serializedVersion: 2
  m_Modification:
    m_TransformParent: {fileID: 4623371280720544502}
    m_Modifications:
    - target: {fileID: -8679921383154817045, guid: 30c875e1659f0b94680edb2e09bceef4,
        type: 3}
      propertyPath: m_LocalPosition.x
      value: 0
      objectReference: {fileID: 0}
    - target: {fileID: -8679921383154817045, guid: 30c875e1659f0b94680edb2e09bceef4,
        type: 3}
      propertyPath: m_LocalPosition.y
      value: 0
      objectReference: {fileID: 0}
    - target: {fileID: -8679921383154817045, guid: 30c875e1659f0b94680edb2e09bceef4,
        type: 3}
      propertyPath: m_LocalPosition.z
      value: 0
      objectReference: {fileID: 0}
    - target: {fileID: -8679921383154817045, guid: 30c875e1659f0b94680edb2e09bceef4,
        type: 3}
      propertyPath: m_LocalRotation.x
      value: -0
      objectReference: {fileID: 0}
    - target: {fileID: -8679921383154817045, guid: 30c875e1659f0b94680edb2e09bceef4,
        type: 3}
      propertyPath: m_LocalRotation.y
      value: -0
      objectReference: {fileID: 0}
    - target: {fileID: -8679921383154817045, guid: 30c875e1659f0b94680edb2e09bceef4,
        type: 3}
      propertyPath: m_LocalRotation.z
      value: -0
      objectReference: {fileID: 0}
    - target: {fileID: -8679921383154817045, guid: 30c875e1659f0b94680edb2e09bceef4,
        type: 3}
      propertyPath: m_LocalRotation.w
      value: 1
      objectReference: {fileID: 0}
    - target: {fileID: -8679921383154817045, guid: 30c875e1659f0b94680edb2e09bceef4,
        type: 3}
      propertyPath: m_RootOrder
      value: 1
      objectReference: {fileID: 0}
    - target: {fileID: -8679921383154817045, guid: 30c875e1659f0b94680edb2e09bceef4,
        type: 3}
      propertyPath: m_LocalEulerAnglesHint.x
      value: 0
      objectReference: {fileID: 0}
    - target: {fileID: -8679921383154817045, guid: 30c875e1659f0b94680edb2e09bceef4,
        type: 3}
      propertyPath: m_LocalEulerAnglesHint.y
      value: 0
      objectReference: {fileID: 0}
    - target: {fileID: -8679921383154817045, guid: 30c875e1659f0b94680edb2e09bceef4,
        type: 3}
      propertyPath: m_LocalEulerAnglesHint.z
      value: 0
      objectReference: {fileID: 0}
    - target: {fileID: -7635826562936255635, guid: 30c875e1659f0b94680edb2e09bceef4,
        type: 3}
      propertyPath: m_Materials.Array.data[0]
      value: 
      objectReference: {fileID: 2100000, guid: a5b747805bc59224ea1e38382c061140, type: 2}
    - target: {fileID: 919132149155446097, guid: 30c875e1659f0b94680edb2e09bceef4,
        type: 3}
      propertyPath: m_Name
      value: floor2
      objectReference: {fileID: 0}
    m_RemovedComponents: []
  m_SourcePrefab: {fileID: 100100000, guid: 30c875e1659f0b94680edb2e09bceef4, type: 3}
--- !u!4 &3867269000543682525 stripped
Transform:
  m_CorrespondingSourceObject: {fileID: -8679921383154817045, guid: 30c875e1659f0b94680edb2e09bceef4,
    type: 3}
  m_PrefabInstance: {fileID: 3612438683836504118}
  m_PrefabAsset: {fileID: 0}
--- !u!1 &4858636219549621694 stripped
GameObject:
  m_CorrespondingSourceObject: {fileID: 8164078558771037576, guid: 30c875e1659f0b94680edb2e09bceef4,
    type: 3}
  m_PrefabInstance: {fileID: 3612438683836504118}
  m_PrefabAsset: {fileID: 0}
--- !u!1001 &4103698353980549268
PrefabInstance:
  m_ObjectHideFlags: 0
  serializedVersion: 2
  m_Modification:
    m_TransformParent: {fileID: 4623371280720544502}
    m_Modifications:
    - target: {fileID: 4247502332991246071, guid: 99892782c0a8d2045a12c37c39a9c1c0,
        type: 3}
      propertyPath: m_LocalPosition.x
      value: -4.976
      objectReference: {fileID: 0}
    - target: {fileID: 4247502332991246071, guid: 99892782c0a8d2045a12c37c39a9c1c0,
        type: 3}
      propertyPath: m_LocalPosition.y
      value: 0.652
      objectReference: {fileID: 0}
    - target: {fileID: 4247502332991246071, guid: 99892782c0a8d2045a12c37c39a9c1c0,
        type: 3}
      propertyPath: m_LocalPosition.z
      value: -4.956
      objectReference: {fileID: 0}
    - target: {fileID: 4247502332991246071, guid: 99892782c0a8d2045a12c37c39a9c1c0,
        type: 3}
      propertyPath: m_LocalRotation.x
      value: -0
      objectReference: {fileID: 0}
    - target: {fileID: 4247502332991246071, guid: 99892782c0a8d2045a12c37c39a9c1c0,
        type: 3}
      propertyPath: m_LocalRotation.y
      value: -0
      objectReference: {fileID: 0}
    - target: {fileID: 4247502332991246071, guid: 99892782c0a8d2045a12c37c39a9c1c0,
        type: 3}
      propertyPath: m_LocalRotation.z
      value: -0
      objectReference: {fileID: 0}
    - target: {fileID: 4247502332991246071, guid: 99892782c0a8d2045a12c37c39a9c1c0,
        type: 3}
      propertyPath: m_LocalRotation.w
      value: 1
      objectReference: {fileID: 0}
    - target: {fileID: 4247502332991246071, guid: 99892782c0a8d2045a12c37c39a9c1c0,
        type: 3}
      propertyPath: m_RootOrder
      value: 6
      objectReference: {fileID: 0}
    - target: {fileID: 4247502332991246071, guid: 99892782c0a8d2045a12c37c39a9c1c0,
        type: 3}
      propertyPath: m_LocalEulerAnglesHint.x
      value: 0
      objectReference: {fileID: 0}
    - target: {fileID: 4247502332991246071, guid: 99892782c0a8d2045a12c37c39a9c1c0,
        type: 3}
      propertyPath: m_LocalEulerAnglesHint.y
      value: 0
      objectReference: {fileID: 0}
    - target: {fileID: 4247502332991246071, guid: 99892782c0a8d2045a12c37c39a9c1c0,
        type: 3}
      propertyPath: m_LocalEulerAnglesHint.z
      value: 0
      objectReference: {fileID: 0}
    - target: {fileID: 4247502332991246071, guid: 99892782c0a8d2045a12c37c39a9c1c0,
        type: 3}
      propertyPath: m_LocalScale.x
      value: -1
      objectReference: {fileID: 0}
    - target: {fileID: 8580294088256680262, guid: 99892782c0a8d2045a12c37c39a9c1c0,
        type: 3}
      propertyPath: m_Name
      value: Window1
      objectReference: {fileID: 0}
    m_RemovedComponents: []
  m_SourcePrefab: {fileID: 100100000, guid: 99892782c0a8d2045a12c37c39a9c1c0, type: 3}
--- !u!4 &144514547066840675 stripped
Transform:
  m_CorrespondingSourceObject: {fileID: 4247502332991246071, guid: 99892782c0a8d2045a12c37c39a9c1c0,
    type: 3}
  m_PrefabInstance: {fileID: 4103698353980549268}
  m_PrefabAsset: {fileID: 0}
--- !u!1001 &4794091455049470899
PrefabInstance:
  m_ObjectHideFlags: 0
  serializedVersion: 2
  m_Modification:
    m_TransformParent: {fileID: 4623371280720544502}
    m_Modifications:
    - target: {fileID: 1172507993410708082, guid: f110b7bc4c3e71f4b956e762013dfea9,
        type: 3}
      propertyPath: m_LocalPosition.x
      value: -6.726
      objectReference: {fileID: 0}
    - target: {fileID: 1172507993410708082, guid: f110b7bc4c3e71f4b956e762013dfea9,
        type: 3}
      propertyPath: m_LocalPosition.y
      value: 0.009112
      objectReference: {fileID: 0}
    - target: {fileID: 1172507993410708082, guid: f110b7bc4c3e71f4b956e762013dfea9,
        type: 3}
      propertyPath: m_LocalPosition.z
      value: -4.125
      objectReference: {fileID: 0}
    - target: {fileID: 1172507993410708082, guid: f110b7bc4c3e71f4b956e762013dfea9,
        type: 3}
      propertyPath: m_LocalRotation.x
      value: 0
      objectReference: {fileID: 0}
    - target: {fileID: 1172507993410708082, guid: f110b7bc4c3e71f4b956e762013dfea9,
        type: 3}
      propertyPath: m_LocalRotation.y
      value: 1
      objectReference: {fileID: 0}
    - target: {fileID: 1172507993410708082, guid: f110b7bc4c3e71f4b956e762013dfea9,
        type: 3}
      propertyPath: m_LocalRotation.z
      value: 0
      objectReference: {fileID: 0}
    - target: {fileID: 1172507993410708082, guid: f110b7bc4c3e71f4b956e762013dfea9,
        type: 3}
      propertyPath: m_LocalRotation.w
      value: 0
      objectReference: {fileID: 0}
    - target: {fileID: 1172507993410708082, guid: f110b7bc4c3e71f4b956e762013dfea9,
        type: 3}
      propertyPath: m_RootOrder
      value: 5
      objectReference: {fileID: 0}
    - target: {fileID: 1172507993410708082, guid: f110b7bc4c3e71f4b956e762013dfea9,
        type: 3}
      propertyPath: m_LocalEulerAnglesHint.x
      value: 0
      objectReference: {fileID: 0}
    - target: {fileID: 1172507993410708082, guid: f110b7bc4c3e71f4b956e762013dfea9,
        type: 3}
      propertyPath: m_LocalEulerAnglesHint.y
      value: 180
      objectReference: {fileID: 0}
    - target: {fileID: 1172507993410708082, guid: f110b7bc4c3e71f4b956e762013dfea9,
        type: 3}
      propertyPath: m_LocalEulerAnglesHint.z
      value: 0
      objectReference: {fileID: 0}
    - target: {fileID: 4496698080373187233, guid: f110b7bc4c3e71f4b956e762013dfea9,
        type: 3}
      propertyPath: m_Name
      value: DoorInteractible
      objectReference: {fileID: 0}
    m_RemovedComponents: []
  m_SourcePrefab: {fileID: 100100000, guid: f110b7bc4c3e71f4b956e762013dfea9, type: 3}
--- !u!4 &5966597747568587201 stripped
Transform:
  m_CorrespondingSourceObject: {fileID: 1172507993410708082, guid: f110b7bc4c3e71f4b956e762013dfea9,
    type: 3}
  m_PrefabInstance: {fileID: 4794091455049470899}
  m_PrefabAsset: {fileID: 0}
--- !u!1001 &6226929716202920190
PrefabInstance:
  m_ObjectHideFlags: 0
  serializedVersion: 2
  m_Modification:
    m_TransformParent: {fileID: 4623371280720544502}
    m_Modifications:
    - target: {fileID: 1065504015491799497, guid: 74cef4779b9103442a1aa0a271cd0425,
        type: 3}
      propertyPath: m_Name
      value: DoorFake2
      objectReference: {fileID: 0}
    - target: {fileID: 2372131032678406426, guid: 74cef4779b9103442a1aa0a271cd0425,
        type: 3}
      propertyPath: m_LocalPosition.x
      value: -1.125
      objectReference: {fileID: 0}
    - target: {fileID: 2372131032678406426, guid: 74cef4779b9103442a1aa0a271cd0425,
        type: 3}
      propertyPath: m_LocalPosition.y
      value: 0.009112
      objectReference: {fileID: 0}
    - target: {fileID: 2372131032678406426, guid: 74cef4779b9103442a1aa0a271cd0425,
        type: 3}
      propertyPath: m_LocalPosition.z
      value: 0.021
      objectReference: {fileID: 0}
    - target: {fileID: 2372131032678406426, guid: 74cef4779b9103442a1aa0a271cd0425,
        type: 3}
      propertyPath: m_LocalRotation.x
      value: 0
      objectReference: {fileID: 0}
    - target: {fileID: 2372131032678406426, guid: 74cef4779b9103442a1aa0a271cd0425,
        type: 3}
      propertyPath: m_LocalRotation.y
      value: -0.7071068
      objectReference: {fileID: 0}
    - target: {fileID: 2372131032678406426, guid: 74cef4779b9103442a1aa0a271cd0425,
        type: 3}
      propertyPath: m_LocalRotation.z
      value: 0
      objectReference: {fileID: 0}
    - target: {fileID: 2372131032678406426, guid: 74cef4779b9103442a1aa0a271cd0425,
        type: 3}
      propertyPath: m_LocalRotation.w
      value: 0.7071068
      objectReference: {fileID: 0}
    - target: {fileID: 2372131032678406426, guid: 74cef4779b9103442a1aa0a271cd0425,
        type: 3}
      propertyPath: m_RootOrder
      value: 4
      objectReference: {fileID: 0}
    - target: {fileID: 2372131032678406426, guid: 74cef4779b9103442a1aa0a271cd0425,
        type: 3}
      propertyPath: m_LocalEulerAnglesHint.x
      value: 0
      objectReference: {fileID: 0}
    - target: {fileID: 2372131032678406426, guid: 74cef4779b9103442a1aa0a271cd0425,
        type: 3}
      propertyPath: m_LocalEulerAnglesHint.y
      value: -90
      objectReference: {fileID: 0}
    - target: {fileID: 2372131032678406426, guid: 74cef4779b9103442a1aa0a271cd0425,
        type: 3}
      propertyPath: m_LocalEulerAnglesHint.z
      value: 0
      objectReference: {fileID: 0}
    m_RemovedComponents: []
  m_SourcePrefab: {fileID: 100100000, guid: 74cef4779b9103442a1aa0a271cd0425, type: 3}
--- !u!4 &8539386807905894884 stripped
Transform:
  m_CorrespondingSourceObject: {fileID: 2372131032678406426, guid: 74cef4779b9103442a1aa0a271cd0425,
    type: 3}
  m_PrefabInstance: {fileID: 6226929716202920190}
  m_PrefabAsset: {fileID: 0}
--- !u!1001 &8501840666473843517
PrefabInstance:
  m_ObjectHideFlags: 0
  serializedVersion: 2
  m_Modification:
    m_TransformParent: {fileID: 4623371280720544502}
    m_Modifications:
    - target: {fileID: -8679921383154817045, guid: 928df6ce0d198e54ebc9d0b9c8be5a7a,
        type: 3}
      propertyPath: m_LocalPosition.x
      value: 0
      objectReference: {fileID: 0}
    - target: {fileID: -8679921383154817045, guid: 928df6ce0d198e54ebc9d0b9c8be5a7a,
        type: 3}
      propertyPath: m_LocalPosition.y
      value: 0
      objectReference: {fileID: 0}
    - target: {fileID: -8679921383154817045, guid: 928df6ce0d198e54ebc9d0b9c8be5a7a,
        type: 3}
      propertyPath: m_LocalPosition.z
      value: 0
      objectReference: {fileID: 0}
    - target: {fileID: -8679921383154817045, guid: 928df6ce0d198e54ebc9d0b9c8be5a7a,
        type: 3}
      propertyPath: m_LocalRotation.x
      value: -0
      objectReference: {fileID: 0}
    - target: {fileID: -8679921383154817045, guid: 928df6ce0d198e54ebc9d0b9c8be5a7a,
        type: 3}
      propertyPath: m_LocalRotation.y
      value: -0
      objectReference: {fileID: 0}
    - target: {fileID: -8679921383154817045, guid: 928df6ce0d198e54ebc9d0b9c8be5a7a,
        type: 3}
      propertyPath: m_LocalRotation.z
      value: -0
      objectReference: {fileID: 0}
    - target: {fileID: -8679921383154817045, guid: 928df6ce0d198e54ebc9d0b9c8be5a7a,
        type: 3}
      propertyPath: m_LocalRotation.w
      value: 1
      objectReference: {fileID: 0}
    - target: {fileID: -8679921383154817045, guid: 928df6ce0d198e54ebc9d0b9c8be5a7a,
        type: 3}
      propertyPath: m_RootOrder
      value: 0
      objectReference: {fileID: 0}
    - target: {fileID: -8679921383154817045, guid: 928df6ce0d198e54ebc9d0b9c8be5a7a,
        type: 3}
      propertyPath: m_LocalEulerAnglesHint.x
      value: 0
      objectReference: {fileID: 0}
    - target: {fileID: -8679921383154817045, guid: 928df6ce0d198e54ebc9d0b9c8be5a7a,
        type: 3}
      propertyPath: m_LocalEulerAnglesHint.y
      value: 0
      objectReference: {fileID: 0}
    - target: {fileID: -8679921383154817045, guid: 928df6ce0d198e54ebc9d0b9c8be5a7a,
        type: 3}
      propertyPath: m_LocalEulerAnglesHint.z
      value: 0
      objectReference: {fileID: 0}
    - target: {fileID: -7635826562936255635, guid: 928df6ce0d198e54ebc9d0b9c8be5a7a,
        type: 3}
      propertyPath: m_Materials.Array.data[0]
      value: 
      objectReference: {fileID: 2100000, guid: df4cc8df79322ac428452ec5c5006dcf, type: 2}
    - target: {fileID: 919132149155446097, guid: 928df6ce0d198e54ebc9d0b9c8be5a7a,
        type: 3}
      propertyPath: m_Name
      value: floor1
      objectReference: {fileID: 0}
    m_RemovedComponents: []
  m_SourcePrefab: {fileID: 100100000, guid: 928df6ce0d198e54ebc9d0b9c8be5a7a, type: 3}
--- !u!4 &8247817665840262358 stripped
Transform:
  m_CorrespondingSourceObject: {fileID: -8679921383154817045, guid: 928df6ce0d198e54ebc9d0b9c8be5a7a,
    type: 3}
  m_PrefabInstance: {fileID: 8501840666473843517}
  m_PrefabAsset: {fileID: 0}
--- !u!1 &337832898487553717 stripped
GameObject:
  m_CorrespondingSourceObject: {fileID: 8164078558771037576, guid: 928df6ce0d198e54ebc9d0b9c8be5a7a,
    type: 3}
  m_PrefabInstance: {fileID: 8501840666473843517}
  m_PrefabAsset: {fileID: 0}
--- !u!1001 &8917596381120883663
PrefabInstance:
  m_ObjectHideFlags: 0
  serializedVersion: 2
  m_Modification:
    m_TransformParent: {fileID: 4623371280720544502}
    m_Modifications:
    - target: {fileID: -8679921383154817045, guid: fa682b1417f60f446abf7b5291b7d37e,
        type: 3}
      propertyPath: m_LocalPosition.x
      value: 0
      objectReference: {fileID: 0}
    - target: {fileID: -8679921383154817045, guid: fa682b1417f60f446abf7b5291b7d37e,
        type: 3}
      propertyPath: m_LocalPosition.y
      value: 0
      objectReference: {fileID: 0}
    - target: {fileID: -8679921383154817045, guid: fa682b1417f60f446abf7b5291b7d37e,
        type: 3}
      propertyPath: m_LocalPosition.z
      value: 0
      objectReference: {fileID: 0}
    - target: {fileID: -8679921383154817045, guid: fa682b1417f60f446abf7b5291b7d37e,
        type: 3}
      propertyPath: m_LocalRotation.x
      value: -0
      objectReference: {fileID: 0}
    - target: {fileID: -8679921383154817045, guid: fa682b1417f60f446abf7b5291b7d37e,
        type: 3}
      propertyPath: m_LocalRotation.y
      value: -0
      objectReference: {fileID: 0}
    - target: {fileID: -8679921383154817045, guid: fa682b1417f60f446abf7b5291b7d37e,
        type: 3}
      propertyPath: m_LocalRotation.z
      value: -0
      objectReference: {fileID: 0}
    - target: {fileID: -8679921383154817045, guid: fa682b1417f60f446abf7b5291b7d37e,
        type: 3}
      propertyPath: m_LocalRotation.w
      value: 1
      objectReference: {fileID: 0}
    - target: {fileID: -8679921383154817045, guid: fa682b1417f60f446abf7b5291b7d37e,
        type: 3}
      propertyPath: m_RootOrder
      value: 2
      objectReference: {fileID: 0}
    - target: {fileID: -8679921383154817045, guid: fa682b1417f60f446abf7b5291b7d37e,
        type: 3}
      propertyPath: m_LocalEulerAnglesHint.x
      value: 0
      objectReference: {fileID: 0}
    - target: {fileID: -8679921383154817045, guid: fa682b1417f60f446abf7b5291b7d37e,
        type: 3}
      propertyPath: m_LocalEulerAnglesHint.y
      value: 0
      objectReference: {fileID: 0}
    - target: {fileID: -8679921383154817045, guid: fa682b1417f60f446abf7b5291b7d37e,
        type: 3}
      propertyPath: m_LocalEulerAnglesHint.z
      value: 0
      objectReference: {fileID: 0}
    - target: {fileID: -7635826562936255635, guid: fa682b1417f60f446abf7b5291b7d37e,
        type: 3}
      propertyPath: m_Materials.Array.data[0]
      value: 
      objectReference: {fileID: 2100000, guid: 5a336f1027dced34e9c3280b16866840, type: 2}
    - target: {fileID: 919132149155446097, guid: fa682b1417f60f446abf7b5291b7d37e,
        type: 3}
      propertyPath: m_Name
      value: walls
      objectReference: {fileID: 0}
    - target: {fileID: 8164078558771037576, guid: fa682b1417f60f446abf7b5291b7d37e,
        type: 3}
      propertyPath: m_Layer
      value: 10
      objectReference: {fileID: 0}
    - target: {fileID: 8164078558771037576, guid: fa682b1417f60f446abf7b5291b7d37e,
        type: 3}
      propertyPath: m_TagString
      value: Walls
      objectReference: {fileID: 0}
    m_RemovedComponents: []
  m_SourcePrefab: {fileID: 100100000, guid: fa682b1417f60f446abf7b5291b7d37e, type: 3}
--- !u!4 &8956274086245927972 stripped
Transform:
  m_CorrespondingSourceObject: {fileID: -8679921383154817045, guid: fa682b1417f60f446abf7b5291b7d37e,
    type: 3}
  m_PrefabInstance: {fileID: 8917596381120883663}
  m_PrefabAsset: {fileID: 0}
--- !u!1 &760273365031890503 stripped
GameObject:
  m_CorrespondingSourceObject: {fileID: 8164078558771037576, guid: fa682b1417f60f446abf7b5291b7d37e,
    type: 3}
  m_PrefabInstance: {fileID: 8917596381120883663}
  m_PrefabAsset: {fileID: 0}
